@book{ambrose2010learning,
  title={How learning works: Seven research-based principles for smart teaching},
  author={Ambrose, Susan A and Bridges, Michael W and DiPietro, Michele and Lovett, Marsha C and Norman, Marie K},
  year={2010},
  publisher={John Wiley \& Sons}
},

@article{baldridge2005opennlp,
  title={The opennlp project},
  author={Baldridge, Jason},
  journal={URL: http://opennlp. apache. org/index. html,(accessed 2 February 2012)},
  year={2005}
},

@inproceedings{williams1998guidelines,
  title={Guidelines for the use of multimedia in instruction},
  author={Williams, James R},
  booktitle={Proceedings of the Human Factors and Ergonomics Society Annual Meeting},
  volume={42},
  pages={1447--1451},
  year={1998},
  organization={SAGE Publications}
},

@book{quaranta2011your,
	title={In Your Computer},
	author={Quaranta, Domenico},
	year={2011},
	publisher={Lulu. com}
},

@misc{ crossreads_quaranta_2014_,
	author = "{Jaume Nualart, Sonia Lopez, Gabriela Ferraro}",
	title = "{Crossreads and D. Quaranta}",
	year = "2014",
	url = "http://research.nualart.cat/crossreads"
},

@misc{ crossreads_macba_2014_,
	author = "{Jaume Nualart, Sonia Lopez, Gabriela Ferraro}",
	title = "{Crossreads at MACBA}",
	year = "2014",
	url = "http://www.macba.cat/eugenibonet/",
	note = "[Accessed: 2014-07-27. (Archived by WebCite at http://www.webcitation.org/6RN8iHR48)]"
},

@article{nualart_texty_2013,
	title = {Texty, a visualization tool to aid selection of texts from search outputs},
	volume = {18},
	issn = {1368-1613},
	language = {en},
	journal = {Information Research},
	author = {Nualart, J. and Perez-Montoro, M},
	month = {jun},
	number = {2},
	year = {2013}
},

@article{nualart2014we,
	title={How we draw texts: a review of approaches to text visualization and exploration},
	author={Nualart, J and P{\'e}rez-Montoro, Mario and Whitelan, Mitchell},
	journal={El Profesional de la Informaci{\'o}n, 2014, vol. 23, num. 3, p. 221-235},
	year={2014},
	publisher={EPI SCP}
},

@book{tapscott2008grown,
	title={Grown up digital: How the net generation is changing your world HC},
	author={Tapscott, Don},
	year={2008},
	publisher={McGraw-Hill}
},

@article{deleuze1987introduction,
	title={Introduction: rhizome},
	author={Deleuze, Gilles and Guattari, F{\'e}lix},
	journal={A thousand plateaus: Capitalism and schizophrenia},
	pages={3--25},
	year={1987}
},

@book{castells2001internet,
	title={The Internet galaxy: Reflections on the Internet, business, and society},
	author={Castells, Manuel},
	year={2001},
	publisher={Oxford University Press, Inc.}
},

@article{cortazar1966hopscotch,
 	title={Hopscotch (Rayuela)},
	author={Cort{\'a}zar, Julio},
	journal={New York: Pantheon},
	year={1966}
},

@misc{ project_xanadu_1960_,
	author = "{Ted Nelson, et al}",
	title = "{Project Xanadu}",
	year = "1960",
	url = "http://xanadu.com/",
	note = "[Accessed: 2014-07-26. (Archived by WebCite at http://www.webcitation.org/6RLo0HzFo)]"
},

@misc{ visference_2013_,
	author = "{Jaume Nualart, Wray Buntine}",
	title = "{Visference}",
	year = "2013",
	url = "http://research.nualart.cat/visference/",
	note = "[Accessed: 2014-07-27. (Archived by WebCite at http://www.webcitation.org/6RN7kqO7J)]"
},

@misc{ Area_2013_,
	author = "{Jaume Nualart}",
	title = "{Area}",
	year = "2013",
	url = "http://research.nualart.cat/area-ir/",
	note = "[Accessed: 2014-07-27. (Archived by WebCite at http://www.webcitation.org/6RN89Vogt)]"
}

